@inproceedings{AlurCerny2010,
  author    = {Rajeev Alur and Pavol Cern{\'{y}}},
  title     = {Expressiveness of streaming string transducers},
  booktitle = {International Conference on Foundations of Software Technology and Theoretical Computer Science ({FSTTCS})},
  series    = {LIPIcs},
  publisher = {Schloss Dagstuhl - Leibniz-Zentrum fuer Informatik},
  year      = {2010},
  url       = {https://doi.org/10.4230/LIPIcs.FSTTCS.2010.1}
}

@inproceedings{AlurDeshmukh2011,
  author    = {Rajeev Alur and Jyotirmoy V. Deshmukh},
  title     = {Nondeterministic Streaming String Transducers},
  booktitle = {International Colloquium on Automata, Languages and Programming, {ICALP}},
  series    = {Lecture Notes in Computer Science},
  publisher = {Springer},
  year      = {2011},
  url       = {https://doi.org/10.1007/978-3-642-22012-8\_1}
}

@book{SuttonBarto1998,
  author    = {Richard S. Sutton and Andrew G. Barto},
  title     = {Reinforcement learning - an introduction},
  series    = {Adaptive computation and machine learning},
  publisher = {{MIT} Press},
  year      = {1998},
  url       = {https://www.worldcat.org/oclc/37293240},
  isbn      = {978-0-262-19398-6}
}